@book{Bloch08,
 author = {Bloch, Joshua},
 title = {Effective Java (2nd Edition) (The Java Series)},
 year = {2008},
 isbn = {0321356683, 9780321356680},
 edition = {2},
 publisher = {Prentice Hall PTR},
 address = {Upper Saddle River, NJ, USA},
 page = 96,
}

@proceedings{Ical11,
  title = {Backward Compatibility as a Key Measure for Smooth Upgrades to the LHC Control System},
  editor = {V. Baggiolini, D. Csikos, P. Tarasenko, Z. Zaharieva, M. Arruat, R. Gorbosonov},
  booktitle = {13th International Conference on Accelerator and Large Experimental Physics Control Systems},
  address = {Grenoble, France},
  year = {2011},
  organization = {CERN}
}

@misc{Eclipseproject, 
  title = {Eclipse Project website},
  month = oct,
  year = {2012},
  howpublished = {\url{http://www.eclipse.org}}
}, 

@misc{JDT, 
  title = {Java Development Tools website},
  month = oct,
  year = {2012},
  howpublished = {\url{http://www.eclipse.org/jdt}}
}, 

@misc{EMF, 
  title = {Eclipse Modeling Framework website},
  month = oct,
  year = {2012},
  howpublished = {\url{http://www.eclipse.org/emf}}
}, 

@misc{EMFIncQuery, 
  title = {EMF-IncQuery website},
  month = oct,
  year = {2012},
  howpublished = {\url{https://viatra.inf.mit.bme.hu/incquery/documentation}}
}, 

@misc{BCEL,
  title = {Apache BCEL documentation},
  howpublished = {\url{http://commons.apache.org/bcel/manual.html}},
  month = oct,
  year = {2012}
}

@book{JavaSpec,
 author = {Lindholm, Tim and Yellin, Frank},
 title = {Java Virtual Machine Specification},
 year = {1999},
 isbn = {0201432943},
 edition = {2nd},
 publisher = {Addison-Wesley Longman Publishing Co., Inc.},
 address = {Boston, MA, USA},
}

@article{RETE,
title = "Rete: A fast algorithm for the many pattern/many object pattern match problem",
journal = "Artificial Intelligence",
volume = "19",
number = "1",
pages = "17 - 37",
year = "1982",
issn = "0004-3702",
doi = "10.1016/0004-3702(82)90020-0",
url = "http://www.sciencedirect.com/science/article/pii/0004370282900200",
author = "Charles L. Forgy"
} 
